[gd_scene load_steps=17 format=2]

[ext_resource path="res://Interface/CarUI.gd" type="Script" id=1]
[ext_resource path="res://Audio/Engine.wav" type="AudioStream" id=2]
[ext_resource path="res://Interface/CarArt/Car_Pedals.png" type="Texture" id=3]
[ext_resource path="res://Interface/CarArt/Car_Dash.png" type="Texture" id=4]
[ext_resource path="res://Interface/CarArt/Car_Wheel.png" type="Texture" id=5]
[ext_resource path="res://Interface/CarArt/HandleFrames.tres" type="SpriteFrames" id=6]
[ext_resource path="res://Interface/CarArt/Car_Base.png" type="Texture" id=7]
[ext_resource path="res://Interface/CarArt/BrakeFrames.tres" type="SpriteFrames" id=8]
[ext_resource path="res://Interface/CarArt/Car_Bobblehead.png" type="Texture" id=9]
[ext_resource path="res://Interface/CarArt/Car_Roof.png" type="Texture" id=11]

[sub_resource type="Animation" id=2]
resource_name = "Car_Roof_Anim"
tracks/0/type = "value"
tracks/0/path = NodePath(".:position")
tracks/0/interp = 1
tracks/0/loop_wrap = true
tracks/0/imported = false
tracks/0/enabled = true
tracks/0/keys = {
"times": PoolRealArray( 0, 0.1, 0.2, 0.3, 0.4, 0.5, 0.6, 0.7 ),
"transitions": PoolRealArray( 1, 1, 1, 1, 1, 1, 1, 1 ),
"update": 0,
"values": [ Vector2( 512, 300 ), Vector2( 514.238, 293.643 ), Vector2( 530, 290 ), Vector2( 503.178, 292.584 ), Vector2( 500, 280 ), Vector2( 500, 251.968 ), Vector2( 521.494, 281.471 ), Vector2( 677.534, -129.796 ) ]
}
tracks/1/type = "value"
tracks/1/path = NodePath(".:rotation_degrees")
tracks/1/interp = 1
tracks/1/loop_wrap = true
tracks/1/imported = false
tracks/1/enabled = true
tracks/1/keys = {
"times": PoolRealArray( 0, 0.1, 0.2, 0.3, 0.4, 0.5, 0.6, 0.7 ),
"transitions": PoolRealArray( 1, 1, 1, 1, 1, 1, 1, 1 ),
"update": 0,
"values": [ 0.0, -1.0, 1.0, -1.0, 2.0, 4.0, -2.0, 28.1 ]
}

[sub_resource type="Animation" id=3]
resource_name = "Bobble_Anim"
tracks/0/type = "value"
tracks/0/path = NodePath(".:position")
tracks/0/interp = 1
tracks/0/loop_wrap = true
tracks/0/imported = false
tracks/0/enabled = true
tracks/0/keys = {
"times": PoolRealArray( 0, 0.1, 0.2, 0.3, 0.4, 0.5, 0.6, 0.7, 0.8 ),
"transitions": PoolRealArray( 1, 1, 1, 1, 1, 1, 1, 1, 1 ),
"update": 0,
"values": [ Vector2( 512, 300 ), Vector2( 510.941, 304.238 ), Vector2( 509.881, 298.941 ), Vector2( 506.703, 323.308 ), Vector2( 515.179, 289.405 ), Vector2( 516.238, 304.238 ), Vector2( 489.751, 273.513 ), Vector2( 455.251, 137.906 ), Vector2( 787.468, -69.7284 ) ]
}
tracks/1/type = "value"
tracks/1/path = NodePath(".:rotation_degrees")
tracks/1/interp = 1
tracks/1/loop_wrap = true
tracks/1/imported = false
tracks/1/enabled = true
tracks/1/keys = {
"times": PoolRealArray( 0, 0.1, 0.2, 0.3, 0.4, 0.5, 0.6, 0.7, 0.8 ),
"transitions": PoolRealArray( 1, 1, 1, 1, 1, 1, 1, 1, 1 ),
"update": 0,
"values": [ 0.0, -1.0, 2.0, -4.0, 5.0, 2.0, -5.0, 20.0, 40.0 ]
}
tracks/2/type = "value"
tracks/2/path = NodePath(".:scale")
tracks/2/interp = 1
tracks/2/loop_wrap = true
tracks/2/imported = false
tracks/2/enabled = true
tracks/2/keys = {
"times": PoolRealArray( 0, 0.5, 0.6, 0.8 ),
"transitions": PoolRealArray( 1, 1, 1, 1 ),
"update": 0,
"values": [ Vector2( 1, 1 ), Vector2( 1, 1 ), Vector2( 1, 1 ), Vector2( 3, 3 ) ]
}

[sub_resource type="Animation" id=4]
resource_name = "Brake_Anim"
tracks/0/type = "value"
tracks/0/path = NodePath(".:position")
tracks/0/interp = 1
tracks/0/loop_wrap = true
tracks/0/imported = false
tracks/0/enabled = true
tracks/0/keys = {
"times": PoolRealArray( 0, 0.1, 0.2, 0.3, 0.4, 0.7 ),
"transitions": PoolRealArray( 1, 1, 1, 1, 1, 1 ),
"update": 0,
"values": [ Vector2( 512, 300 ), Vector2( 533.357, 305.279 ), Vector2( 512, 312.347 ), Vector2( 491.826, 301.487 ), Vector2( 537.18, 316.716 ), Vector2( -414.391, -447.963 ) ]
}
tracks/1/type = "value"
tracks/1/path = NodePath(".:rotation_degrees")
tracks/1/interp = 1
tracks/1/loop_wrap = true
tracks/1/imported = false
tracks/1/enabled = true
tracks/1/keys = {
"times": PoolRealArray( 0, 0.1, 0.2, 0.3, 0.4, 0.7 ),
"transitions": PoolRealArray( 1, 1, 1, 1, 1, 1 ),
"update": 0,
"values": [ 0.0, 4.0, 0.0, -4.0, 5.0, -50.0 ]
}
tracks/2/type = "value"
tracks/2/path = NodePath(".:scale")
tracks/2/interp = 1
tracks/2/loop_wrap = true
tracks/2/imported = false
tracks/2/enabled = true
tracks/2/keys = {
"times": PoolRealArray( 0, 0.1, 0.2, 0.3, 0.4, 0.7 ),
"transitions": PoolRealArray( 1, 1, 1, 1, 1, 1 ),
"update": 0,
"values": [ Vector2( 1, 1 ), Vector2( 1, 1 ), Vector2( 1, 1 ), Vector2( 1, 1 ), Vector2( 1, 1 ), Vector2( 2, 2 ) ]
}

[sub_resource type="Animation" id=7]
resource_name = "Handle_Anim"
tracks/0/type = "value"
tracks/0/path = NodePath(".:position")
tracks/0/interp = 1
tracks/0/loop_wrap = true
tracks/0/imported = false
tracks/0/enabled = true
tracks/0/keys = {
"times": PoolRealArray( 0, 0.1, 0.2, 0.3, 0.4, 0.5, 0.7 ),
"transitions": PoolRealArray( 1, 1, 1, 1, 1, 1, 1 ),
"update": 0,
"values": [ Vector2( 512, 300 ), Vector2( 532.159, 297.48 ), Vector2( 472.829, 312.313 ), Vector2( 595.727, 311.253 ), Vector2( 364.764, 369.524 ), Vector2( 701.589, -5.56006 ), Vector2( 1497.01, -383.933 ) ]
}
tracks/1/type = "value"
tracks/1/path = NodePath(".:rotation_degrees")
tracks/1/interp = 1
tracks/1/loop_wrap = true
tracks/1/imported = false
tracks/1/enabled = true
tracks/1/keys = {
"times": PoolRealArray( 0, 0.1, 0.2, 0.3, 0.4, 0.5, 0.7 ),
"transitions": PoolRealArray( 1, 1, 1, 1, 1, 1, 1 ),
"update": 0,
"values": [ 0.0, 4.0, -8.0, 16.0, -32.0, -4.66667, 50.0 ]
}
tracks/2/type = "value"
tracks/2/path = NodePath(".:scale")
tracks/2/interp = 1
tracks/2/loop_wrap = true
tracks/2/imported = false
tracks/2/enabled = true
tracks/2/keys = {
"times": PoolRealArray( 0, 0.1, 0.2, 0.3, 0.4, 0.5, 0.7 ),
"transitions": PoolRealArray( 1, 1, 1, 1, 1, 1, 1 ),
"update": 0,
"values": [ Vector2( 1, 1 ), Vector2( 1, 1 ), Vector2( 1, 1 ), Vector2( 1, 1 ), Vector2( 1, 1 ), Vector2( 1.33333, 1.33333 ), Vector2( 2, 2 ) ]
}

[sub_resource type="Animation" id=5]
resource_name = "Pedals_Anim"
tracks/0/type = "value"
tracks/0/path = NodePath(".:position")
tracks/0/interp = 1
tracks/0/loop_wrap = true
tracks/0/imported = false
tracks/0/enabled = true
tracks/0/keys = {
"times": PoolRealArray( 0, 0.1, 0.2, 0.3, 0.4, 0.5, 0.6 ),
"transitions": PoolRealArray( 1, 1, 1, 1, 1, 1, 1 ),
"update": 0,
"values": [ Vector2( 512, 300 ), Vector2( 503.991, 291.991 ), Vector2( 509.33, 296.663 ), Vector2( 497.317, 291.324 ), Vector2( 529.353, 338.71 ), Vector2( 454.602, 406.787 ), Vector2( 185.211, 632.402 ) ]
}
tracks/1/type = "value"
tracks/1/path = NodePath(".:rotation_degrees")
tracks/1/interp = 1
tracks/1/loop_wrap = true
tracks/1/imported = false
tracks/1/enabled = true
tracks/1/keys = {
"times": PoolRealArray( 0, 0.1, 0.2, 0.3, 0.4, 0.5, 0.6 ),
"transitions": PoolRealArray( 1, 1, 1, 1, 1, 1, 1 ),
"update": 0,
"values": [ 0.0, 0.0, 0.0, 0.0, 10.0, 50.0, 120.0 ]
}
tracks/2/type = "value"
tracks/2/path = NodePath(".:scale")
tracks/2/interp = 1
tracks/2/loop_wrap = true
tracks/2/imported = false
tracks/2/enabled = true
tracks/2/keys = {
"times": PoolRealArray( 0, 0.4, 0.6 ),
"transitions": PoolRealArray( 1, 1, 1 ),
"update": 0,
"values": [ Vector2( 1, 1 ), Vector2( 1, 1 ), Vector2( 2, 2 ) ]
}

[sub_resource type="Animation" id=6]
resource_name = "Wheel_Anim"
tracks/0/type = "value"
tracks/0/path = NodePath(".:position")
tracks/0/interp = 1
tracks/0/loop_wrap = true
tracks/0/imported = false
tracks/0/enabled = true
tracks/0/keys = {
"times": PoolRealArray( 0, 0.1, 0.2, 0.3, 0.4, 0.5, 0.7 ),
"transitions": PoolRealArray( 1, 1, 1, 1, 1, 1, 1 ),
"update": 0,
"values": [ Vector2( 339.5, 414.028 ), Vector2( 339.5, 414.028 ), Vector2( 339.5, 414.028 ), Vector2( 339.5, 414.028 ), Vector2( 339.5, 414.028 ), Vector2( 589.809, 291.68 ), Vector2( 1230.45, -146.727 ) ]
}
tracks/1/type = "value"
tracks/1/path = NodePath(".:rotation_degrees")
tracks/1/interp = 1
tracks/1/loop_wrap = true
tracks/1/imported = false
tracks/1/enabled = true
tracks/1/keys = {
"times": PoolRealArray( 0, 0.1, 0.2, 0.3, 0.4, 0.7 ),
"transitions": PoolRealArray( 1, 1, 1, 1, 1, 1 ),
"update": 0,
"values": [ 0.0, 10.0, -30.0, 90.0, -70.0, 360.0 ]
}
tracks/2/type = "value"
tracks/2/path = NodePath(".:scale")
tracks/2/interp = 1
tracks/2/loop_wrap = true
tracks/2/imported = false
tracks/2/enabled = true
tracks/2/keys = {
"times": PoolRealArray( 0, 0.1, 0.2, 0.3, 0.4, 0.5, 0.7 ),
"transitions": PoolRealArray( 1, 1, 1, 1, 1, 1, 1 ),
"update": 0,
"values": [ Vector2( 1, 1 ), Vector2( 1, 1 ), Vector2( 1, 1 ), Vector2( 1, 1 ), Vector2( 1, 1 ), Vector2( 1.2, 1.2 ), Vector2( 2, 2 ) ]
}

[node name="CarUI" type="Control"]
anchor_right = 1.0
anchor_bottom = 1.0
margin_top = -2.3784
margin_bottom = -2.37842
script = ExtResource( 1 )
__meta__ = {
"_edit_use_anchors_": false
}

[node name="Car_Base" type="Sprite" parent="."]
position = Vector2( 512, 302 )
texture = ExtResource( 7 )

[node name="Car_Roof" type="Sprite" parent="."]
position = Vector2( 512, 302 )
texture = ExtResource( 11 )

[node name="Roof_Anim" type="AnimationPlayer" parent="Car_Roof"]
anims/Car_Roof_Anim = SubResource( 2 )

[node name="Car_Bobblehead" type="Sprite" parent="."]
position = Vector2( 512, 302 )
texture = ExtResource( 9 )

[node name="Bobble_Anim" type="AnimationPlayer" parent="Car_Bobblehead"]
anims/Bobble_Anim = SubResource( 3 )

[node name="Car_Brake" type="AnimatedSprite" parent="."]
position = Vector2( 512, 302 )
frames = ExtResource( 8 )
animation = "Brake_Down"

[node name="Brake_Anim" type="AnimationPlayer" parent="Car_Brake"]
anims/Brake_Anim = SubResource( 4 )

[node name="Car_Dash" type="Sprite" parent="."]
position = Vector2( 512, 302 )
texture = ExtResource( 4 )

[node name="Car_Handle" type="AnimatedSprite" parent="."]
position = Vector2( 512, 302 )
frames = ExtResource( 6 )
animation = "Handle_Down"

[node name="Handle_Anim" type="AnimationPlayer" parent="Car_Handle"]
anims/Handle_Anim = SubResource( 7 )

[node name="Car_Pedals" type="Sprite" parent="."]
position = Vector2( 512, 302 )
texture = ExtResource( 3 )

[node name="Pedals_Anim" type="AnimationPlayer" parent="Car_Pedals"]
anims/Pedals_Anim = SubResource( 5 )

[node name="Car_Wheel" type="Sprite" parent="."]
position = Vector2( 339.5, 414.028 )
texture = ExtResource( 5 )
offset = Vector2( 168.68, -121.844 )

[node name="Wheel_Anim" type="AnimationPlayer" parent="Car_Wheel"]
anims/Wheel_Anim = SubResource( 6 )

[node name="Debug" type="CanvasLayer" parent="."]

[node name="ColorRect" type="ColorRect" parent="Debug"]
margin_left = 8.79078
margin_top = 9.24519
margin_right = 135.791
margin_bottom = 58.2452
color = Color( 0, 0, 0, 0.490196 )
__meta__ = {
"_edit_use_anchors_": false
}

[node name="VBox" type="VBoxContainer" parent="Debug"]
margin_left = 16.7908
margin_top = 16.2452
margin_right = 131.791
margin_bottom = 56.2452
__meta__ = {
"_edit_use_anchors_": false
}

[node name="Instructions" type="Label" parent="Debug/VBox"]
margin_right = 115.0
margin_bottom = 14.0
text = "'Z' - Take Damage"

[node name="Damage" type="Label" parent="Debug/VBox"]
margin_top = 18.0
margin_right = 115.0
margin_bottom = 32.0
text = "Damage: "

[node name="CarAudio" type="AudioStreamPlayer" parent="."]
stream = ExtResource( 2 )
volume_db = -5.0
